This file was created with JabRef 2.2.
Encoding: MacRoman

@article{zestcott2015crowd,
  title={From the crowd to the competition: White collegiate athletes’ response to racism directed at a teammate of color},
  author={Zestcott, Colin A and Brown, Kendrick T},
  journal={Current Psychology},
  volume={34},
  number={4},
  pages={634--643},
  year={2015},
  publisher={Springer}
}

@article{hylton2016your,
  title={‘For your ears only!’ {D}onald {S}terling and backstage racism in sport},
  author={Hylton, Kevin and Lawrence, Stefan},
  journal={Ethnic and Racial Studies},
  volume={39},
  number={15},
  pages={2740--2757},
  year={2016},
  publisher={Taylor \& Francis}
}


@article{stratmoen2019taking,
  title={Taking a knee: Perceptions of {NFL} player protests during the {N}ational {A}nthem},
  author={Stratmoen, Evelyn and Lawless, Tiffany J and Saucier, Donald A},
  journal={Personality and Individual Differences},
  volume={137},
  pages={204--213},
  year={2019},
  publisher={Elsevier}
}

@article{rainville1977extent,
  title={Extent of covert racial prejudice in pro football announcers' speech},
  author={Rainville, Raymond E and McCormick, Edward},
  journal={Journalism Quarterly},
  volume={54},
  number={1},
  pages={20--26},
  year={1977},
  publisher={SAGE Publications Sage CA: Los Angeles, CA}
}

@article{angelini2014competing,
  title={Competing separately, medaling equally: Racial depictions of athletes in {NBC}'s primetime broadcast of the 2012 {L}ondon {O}lympic {G}ames},
  author={Angelini, James R and Billings, Andrew C and MacArthur, Paul J and Bissell, Kimberly and Smith, Lauren Reichart},
  journal={Howard Journal of Communications},
  volume={25},
  number={2},
  pages={115--133},
  year={2014},
  publisher={Taylor \& Francis}
}

@article{cleland2014fans,
  title={Fans, racism and {B}ritish football in the twenty-first Century: the existence of a 'colour-blind' ideology},
  author={Cleland, Jamie and Cashmore, Ellis},
  journal={Journal of Ethnic and Migration Studies},
  volume={40},
  number={4},
  pages={638--654},
  year={2014},
  publisher={Taylor \& Francis}
}

@article{intravia2018racial,
  title={The racial divide surrounding {U}nited {S}tates of {A}merica {N}ational {A}nthem protests in the {N}ational {F}ootball {L}eague},
  author={Intravia, Jonathan and Piquero, Alex R and Piquero, Nicole Leeper},
  journal={Deviant Behavior},
  volume={39},
  number={8},
  pages={1058--1068},
  year={2018},
  publisher={Taylor \& Francis}
}

@article{williams1999race,
  title={Race, socioeconomic status, and health the added effects of racism and discrimination},
  author={Williams, David R},
  journal={Annals of the New York Academy of Sciences},
  volume={896},
  number={1},
  pages={173--188},
  year={1999},
  publisher={Wiley Online Library}
}

@article{burdsey2011joke,
  title={That joke isn't funny anymore: Racial microaggressions, color-blind ideology and the mitigation of racism in {E}nglish men's first-class cricket},
  author={Burdsey, Daniel},
  journal={Sociology of Sport Journal},
  volume={28},
  number={3},
  pages={261--283},
  year={2011}
}

@article{hauser2016colin,
  title={Why {C}olin {K}aepernick Didn't Stand for the {N}ational {A}nthem},
  author={Hauser, Christine},
  journal={Retrieved on November},
  volume={14},
  pages={2016},
  year={2016}
}

@book{kumar2014twitter,
  title={Twitter data analytics},
  author={Kumar, Shamanth and Morstatter, Fred and Liu, Huan},
  year={2014},
  publisher={Springer}
}

@manual{shiny, 
  title={Easy web applications in {R}.}, 
  author={{RStudio, Inc}}, 
  year={2013}, 
  note={URL: \url{http://www.rstudio.com/shiny/}} 
} 

@book{textmining,
 title={Text Mining with {R}: A Tidy Approach},
 author={Silge, Julia and Robinson, David},
 year={2018},
 note={URL:\url{https://www.tidytextmining.com/index.html}}
 }

@article{awan2014islamophobia,
  title={Islamophobia and {T}witter: A typology of online hate against {M}uslims on social media},
  author={Awan, Imran},
  journal={Policy \& Internet},
  volume={6},
  number={2},
  pages={133--150},
  year={2014},
  publisher={Wiley Online Library}
}

@inproceedings{nasukawa2003sentiment,
  title={Sentiment analysis: Capturing favorability using natural language processing},
  author={Nasukawa, Tetsuya and Yi, Jeonghee},
  booktitle={Proceedings of the 2nd international conference on Knowledge capture},
  pages={70--77},
  year={2003},
  organization={ACM}
}

@inproceedings{gonccalves2013comparing,
  title={Comparing and combining sentiment analysis methods},
  author={Gon{\c{c}}alves, Pollyanna and Ara{\'u}jo, Matheus and Benevenuto, Fabr{\'\i}cio and Cha, Meeyoung},
  booktitle={Proceedings of the first ACM conference on Online social networks},
  pages={27--38},
  year={2013},
  organization={ACM}
}

@article{zhang2009sentiment,
  title={Sentiment analysis of {C}hinese documents: From sentence to document level},
  author={Zhang, Changli and Zeng, Daniel and Li, Jiexun and Wang, Fei-Yue and Zuo, Wanli},
  journal={Journal of the American Society for Information Science and Technology},
  volume={60},
  number={12},
  pages={2474--2487},
  year={2009},
  publisher={Wiley Online Library}
}

@inproceedings{meena2007sentence,
  title={Sentence level sentiment analysis in the presence of conjuncts using linguistic analysis},
  author={Meena, Arun and Prabhakar, TV},
  booktitle={European Conference on Information Retrieval},
  pages={573--580},
  year={2007},
  organization={Springer}
}

@book{weller2014twitter,
  title={Twitter and society},
  author={Weller, Katrin and Bruns, Axel and Burgess, Jean and Mahrt, Merja and Puschmann, Cornelius},
  volume={89},
  year={2014},
  publisher={Peter Lang}
}


@article{christopherson2007positive,
  title={The positive and negative implications of anonymity in {I}nternet social interactions: “On the {I}nternet, Nobody Knows You’re a Dog”},
  author={Christopherson, Kimberly M},
  journal={Computers in Human Behavior},
  volume={23},
  number={6},
  pages={3038--3056},
  year={2007},
  publisher={Elsevier}
}

@article{cleland2014racism,
  title={Racism, football fans, and online message boards: How social media has added a new dimension to racist discourse in {E}nglish football},
  author={Cleland, Jamie},
  journal={Journal of Sport and Social Issues},
  volume={38},
  number={5},
  pages={415--431},
  year={2014},
  publisher={Sage Publications Sage CA: Los Angeles, CA}
}

@book{luke2004multilevel,
  title={Multilevel modeling},
  author={Luke, Douglas A},
  volume={143},
  year={2004},
  publisher={Sage}
}

@article{stodden2014scientific,
  title={What scientific idea is ready for retirement},
  author={Stodden, V},
  journal={Edge},
  year={2014}
}

@article{baumer2014r,
  title={R Markdown: Integrating a reproducible analysis tool into introductory statistics},
  author={Baumer, Ben and Cetinkaya-Rundel, Mine and Bray, Andrew and Loi, Linda and Horton, Nicholas J},
  journal={arXiv preprint arXiv:1402.1894},
  year={2014}
}

  @Manual{citingr,
    title = {R: A Language and Environment for Statistical Computing},
    author = {{R Core Team}},
    organization = {R Foundation for Statistical Computing},
    address = {Vienna, Austria},
    year = {2013},
    url = {http://www.R-project.org/},
  }

  @Manual{solomon2019thesisdown,
    title = {thesisdown: An updated {R} Markdown thesis template using the bookdown package},
    author = {Nick Solomon},
    year = {2019},
    note = {R package version 0.0.2},
  }

  @Manual{github,
    title = {Hello World},
    year = {2019},
    publisher = {GitHub},
    journal = {GitHub repository},
    howpublished = {\url{https://guides.github.com/activities/hello-world/}}
  }
  
  @Manual{superbowl2018,
    author = {Statista},
    title = {TV viewership of the {S}uper {B}owl in the {U}nited {S}tates from 1990-2019 (in millions)},
    year = {2019},
    publisher = {Statista},
    howpublished = {\url{https://www.statista.com/statistics/216526/super-bowl-us-tv-viewership/}}
  }

  @Manual{superbowl2017tweets,
    title = {Super {B}owl posts on social media are up from last year, but didn’t top 2015’s record numbers},
    author = {{Sarah Perez}},
    organization = {Tech Crunch},
    year = {2017},
    url = {https://techcrunch.com/2017/02/06/super-bowl-posts-on-social-media-are-up-from-last-year-but-didnt-top-2015s-record-numbers/},
  }
  
  @Manual{streamingapi,
    title = {Filtering realtime {T}weets},
    year = {2019},
    publisher = {Twitter Developer},
    howpublished = {\url{https://developer.twitter.com/en/docs/tweets/filter-realtime/api-reference/post-statuses-filter.html}}
  }

  @Manual{rtweet-package,
    title = {rtweet: Collecting {T}witter Data},
    author = {Michael W. Kearney},
    year = {2018},
    note = {R package version 0.6.7},
    url = {https://cran.r-project.org/package=rtweet},
  }
  
  @Manual{dplyrpackage,
    title = {dplyr: A Grammar of Data Manipulation},
    author = {Hadley Wickham and Romain François and Lionel Henry and Kirill Müller},
    year = {2019},
    note = {R package version 0.8.0.1},
    url = {https://CRAN.R-project.org/package=dplyr},
  }
  
  @Manual{basepackage,
    title = {R: A Language and Environment for Statistical Computing},
    author = {{R Core Team}},
    organization = {R Foundation for Statistical Computing},
    address = {Vienna, Austria},
    year = {2018},
    url = {https://www.R-project.org/},
  }
  
  @Manual{stringrpackage,
    title = {stringr: Simple, Consistent Wrappers for Common String Operations},
    author = {Hadley Wickham},
    year = {2019},
    note = {R package version 1.4.0},
    url = {https://CRAN.R-project.org/package=stringr},
  }
  
  @Manual{tidyrpackage,
    title = {tidyr: Easily Tidy Data with 'spread()' and 'gather()' Functions},
    author = {Hadley Wickham and Lionel Henry},
    year = {2018},
    note = {R package version 0.8.2},
    url = {https://CRAN.R-project.org/package=tidyr}
  }
  
  @article{landers2016primer,
    title={A primer on theory-driven web scraping: Automatic extraction of big data from the {I}nternet for use in psychological research.},
    author={Landers, Richard N and Brusso, Robert C and Cavanaugh, Katelyn J and Collmus, Andrew B},
    journal={Psychological methods},
    volume={21},
    number={4},
    pages={475},
    year={2016},
    publisher={American Psychological Association}
  }
  
  @article{mittelstadt2016ethics,
    title={The ethics of big data: current and foreseeable issues in biomedical contexts},
    author={Mittelstadt, Brent Daniel and Floridi, Luciano},
    journal={Science and engineering ethics},
    volume={22},
    number={2},
    pages={303--341},
    year={2016},
    publisher={Springer}
  }
  
  @article{leung2011presenting,
    title={Presenting post hoc hypotheses as a priori: Ethical and theoretical issues},
    author={Leung, Kwok},
    journal={Management and Organization Review},
    volume={7},
    number={3},
    pages={471--479},
    year={2011},
    publisher={Cambridge University Press}
  }
  
  @book{wallace2015psychology,
    title={The psychology of the {I}nternet},
    author={Wallace, Patricia},
    year={2015},
   publisher={Cambridge University Press}
  }
  
  @article{krishnamurthy2009leakage,
    title={On the Leakage of Personally Identifiable Information Via Online Social Networks},
    author={Krishnamurthy, Balachander and Wills, Craig E.},
    journal={Proceedings of the 2nd {ACM} workshop on Online social networks},
    pages={7-12},
    year={2009},
    publisher={ACM}
  }
  
  @Manual{facebookbreach,
    title = {Security Update},
    author = {Guy Rosen},
    year = {2018},
    publisher = {Facebook},
    url = {https://newsroom.fb.com/news/2018/09/security-update/}
  }
  
  @article{graham2017donald,
    title={Donald {T}rump blasts {NFL} anthem protesters:'Get that son of a bitch off the field'},
    author={Graham, Bryan Armen},
    journal={The Guardian},
    year={2017}
  }
  
  @Manual{gametime2016,
    title = {What Makes {NFL} Games Take So Long?},
    author = {Ty Schalter},
    year = {2017},
    publisher = {FiveThirtyEight},
    url = {https://fivethirtyeight.com/features/what-makes-nfl-games-take-so-long/}
  }
  
  @inproceedings{hu2004mining,
    title={Mining and summarizing customer reviews},
    author={Hu, Minqing and Liu, Bing},
    booktitle={Proceedings of the tenth international conference on Knowledge discovery and data mining},
    pages={168--177},
    year={2004},
    organization={ACM}
  }
  
  @Manual{afinn,
    title = {AFINN},
    author = {F. Nielsen},
    year = {2011},
    publisher = {Informatics and Mathematical Modelling, Technical University of Denmark},
    url = {http://www2.imm.dtu.dk/pubdb/p.php?6010}
  }
  
  @misc{floridi2016data,
    title={What is data ethics?},
    author={Floridi, Luciano and Taddeo, Mariarosaria},
    year={2016},
    publisher={The Royal Society}
  }
  
  @article{floridi2014open,
    title={Open data, data protection, and group privacy},
    author={Floridi, Luciano},
    journal={Philosophy \& Technology},
    volume={27},
    number={1},
    pages={1--3},
    year={2014},
    publisher={Springer}
  }
  
  @article{resnick2016researchers,
    title={Researchers just released profile data on 70,000 {OkCupid} users without permission},
    author={Resnick, Brian},
    journal={Vox. Retreived from: https://www.vox.com/2016/5/12/11666116/70000-okcupid-users-data-release},
    year={2016}
  }
  
  @article{taylor2016no,
    title={No place to hide? The ethics and analytics of tracking mobility using mobile phone data},
    author={Taylor, Linnet},
    journal={Environment and Planning D: Society and Space},
    volume={34},
    number={2},
    pages={319--336},
    year={2016},
    publisher={SAGE Publications Sage UK: London, England}
  }
  
  @article{Mohammad13,
	  Author = {Mohammad, Saif M. and Turney, Peter D.},
	  Booktitle = {Computational Intelligence},
	  Number = {3},
	  Pages = {436--465},
	  Title = {Crowdsourcing a Word-Emotion Association Lexicon},
	  Volume = {29},
	  Year = {2013}
  }
  
  @Article{tidytext,
    title = {tidytext: Text Mining and Analysis Using Tidy Data Principles in {R}},
    author = {Julia Silge and David Robinson},
    doi = {10.21105/joss.00037},
    url = {http://dx.doi.org/10.21105/joss.00037},
    year = {2016},
    publisher = {The Open Journal},
    volume = {1},
    number = {3},
    journal = {JOSS},
  }
  
  @inproceedings{mckinney2010data,
    title={Data structures for statistical computing in {P}ython},
    author={McKinney, Wes and others},
    booktitle={Proceedings of the 9th Python in Science Conference},
    volume={445},
    pages={51--56},
    year={2010},
    organization={Austin, TX}
  }
  
  @Manual{searchtweets,
    title = {searchtweets},
    author = {Pigott, F, Kolb, J, Montague, J, Aaron Gonzales},
    year = {2018},
    note = {Wrapper for Twitter's Premium and Enterprise search APIs},
    url = {https://github.com/twitterdev/search-tweets-python}
  }
  
  @book{hox2010multilevel,
    title={Multilevel Analysis: Techniques and Applications},
    author={Hox, Joop J.},
    year={2010},
    publisher={Routledge; 2 edition},
    pages={40-41}
  }
  
  @Article{lme4,
    title = {Fitting Linear Mixed-Effects Models Using {lme4}},
    author = {Douglas Bates and Martin M'achler and Ben Bolker and Steve Walker},
    journal = {Journal of Statistical Software},
    year = {2015},
    volume = {67},
    number = {1},
    pages = {1--48},
    doi = {10.18637/jss.v067.i01},
  }
  
  @Manual{nflscrapr,
    title = {nflscrapR: Compiling the {NFL} Play-by-Play {API} for easy use in {R}},
    author = {Maksim Horowitz and Ron Yurko and Samuel Ventura},
    year = {2019},
    note = {R package version 1.8.1},
    url = {https://github.com/maksimhorowitz/nflscrapR},
  }
  
  @Book{bookdown,
    title = {bookdown: Authoring Books and Technical Documents with {R} {M}arkdown},
    author = {Yihui Xie},
    publisher = {Chapman and Hall/CRC},
    address = {Boca Raton, Florida},
    year = {2016},
    note = {ISBN 978-1138700109},
    url = {https://github.com/rstudio/bookdown},
  }
  
  @book{national2018data,
    title={Data science for undergraduates: opportunities and options},
    author={National Academies of Sciences, Engineering, and Medicine and others},
    year={2018},
    publisher={National Academies Press}
  }
  
  @Manual{purrr,
    title = {purrr: Functional Programming Tools},
    author = {Lionel Henry and Hadley Wickham},
    year = {2019},
    note = {R package version 0.3.0},
    url = {https://CRAN.R-project.org/package=purrr},
  }
  
  @book{king2004offside,
    title={Offside racism: Playing the white man},
    author={King, Colin},
    year={2004},
    publisher={Bloomsbury Academic}
  }
  
  @article{keum2018racism,
    title={Racism on the {I}nternet: Conceptualization and recommendations for research.},
    author={Keum, Brian TaeHyuk and Miller, Matthew J},
    journal={Psychology of Violence},
    volume={8},
    number={6},
    pages={782},
    year={2018},
    publisher={Educational Publishing Foundation}
  }
  
  @misc{stephens2013geography,
    title={Geography of Hate Map},
    author={Stephens, M},
    year={2013},
    url = {https://users.humboldt.edu/mstephens/hate/hate_map.html}
  }
  
  @book{cmheadshot,
    title = {Headshot of {C}hristian {M}c{C}affrey}, 
    url={http://www.espn.com/nfl/player/_/id/3117251/christian-mccaffrey}, 
    publisher={ESPN}
  }
  
  @book{dfheadshot,
    title = {Headshot of {D}evin {F}unchess}, 
    url={http://www.espn.com/nfl/player/_/id/2977609/devin-funchess}, 
    publisher={ESPN}
  }
  
  @article{wasserstein2016asa,
  title={The {ASA’s} statement on p-values: context, process, and purpose},
  author={Wasserstein, Ronald L and Lazar, Nicole A and others},
  journal={The American Statistician},
  volume={70},
  number={2},
  pages={129--133},
  year={2016}
}
  