This file was created with JabRef 2.2.
Encoding: MacRoman

@article{zestcott2015crowd,
  title={From the crowd to the competition: White collegiate athletes’ response to racism directed at a teammate of color},
  author={Zestcott, Colin A and Brown, Kendrick T},
  journal={Current Psychology},
  volume={34},
  number={4},
  pages={634--643},
  year={2015},
  publisher={Springer}
}

@article{hylton2016your,
  title={‘For your ears only!’Donald Sterling and backstage racism in sport},
  author={Hylton, Kevin and Lawrence, Stefan},
  journal={Ethnic and Racial Studies},
  volume={39},
  number={15},
  pages={2740--2757},
  year={2016},
  publisher={Taylor \& Francis}
}

@article{stratmoen2019taking,
  title={Taking a knee: Perceptions of NFL player protests during the National Anthem},
  author={Stratmoen, Evelyn and Lawless, Tiffany J and Saucier, Donald A},
  journal={Personality and Individual Differences},
  volume={137},
  pages={204--213},
  year={2019},
  publisher={Elsevier}
}

@article{rainville1977extent,
  title={Extent of covert racial prejudice in pro football announcers' speech},
  author={Rainville, Raymond E and McCormick, Edward},
  journal={Journalism Quarterly},
  volume={54},
  number={1},
  pages={20--26},
  year={1977},
  publisher={SAGE Publications Sage CA: Los Angeles, CA}
}

@article{angelini2014competing,
  title={Competing separately, medaling equally: Racial depictions of athletes in NBC's primetime broadcast of the 2012 London Olympic Games},
  author={Angelini, James R and Billings, Andrew C and MacArthur, Paul J and Bissell, Kimberly and Smith, Lauren Reichart},
  journal={Howard Journal of Communications},
  volume={25},
  number={2},
  pages={115--133},
  year={2014},
  publisher={Taylor \& Francis}
}

@article{cleland2014fans,
  title={Fans, racism and british football in the twenty-first Century: the existence of a ?colour-blind?ideology},
  author={Cleland, Jamie and Cashmore, Ellis},
  journal={Journal of Ethnic and Migration Studies},
  volume={40},
  number={4},
  pages={638--654},
  year={2014},
  publisher={Taylor \& Francis}
}

@article{intravia2018racial,
  title={The racial divide surrounding United States of America national anthem protests in the National Football League},
  author={Intravia, Jonathan and Piquero, Alex R and Piquero, Nicole Leeper},
  journal={Deviant Behavior},
  volume={39},
  number={8},
  pages={1058--1068},
  year={2018},
  publisher={Taylor \& Francis}
}

@article{williams1999race,
  title={Race, socioeconomic status, and health the added effects of racism and discrimination},
  author={Williams, David R},
  journal={Annals of the New York Academy of Sciences},
  volume={896},
  number={1},
  pages={173--188},
  year={1999},
  publisher={Wiley Online Library}
}

@article{burdsey2011joke,
  title={That joke isn?t funny anymore: Racial microaggressions, color-blind ideology and the mitigation of racism in English men?s first-class cricket},
  author={Burdsey, Daniel},
  journal={Sociology of Sport Journal},
  volume={28},
  number={3},
  pages={261--283},
  year={2011}
}

@article{hauser2016colin,
  title={Why Colin Kaepernick Didn?t Stand for the National Anthem},
  author={Hauser, Christine},
  journal={Retrieved on November},
  volume={14},
  pages={2016},
  year={2016}
}

@book{kumar2014twitter,
  title={Twitter data analytics},
  author={Kumar, Shamanth and Morstatter, Fred and Liu, Huan},
  year={2014},
  publisher={Springer}
}

@manual{shiny, 
  title={Easy web applications in R.}, 
  author={{RStudio, Inc}}, 
  year={2013}, 
  note={URL: \url{http://www.rstudio.com/shiny/}} 
} 

@book{textmining,
 title={Text Mining with R: A Tidy Approach},
 author={Silge, Julia and Robinson, David},
 year={2018},
 note={URL:\url{https://www.tidytextmining.com/index.html}}
 }

@article{awan2014islamophobia,
  title={Islamophobia and Twitter: A typology of online hate against Muslims on social media},
  author={Awan, Imran},
  journal={Policy \& Internet},
  volume={6},
  number={2},
  pages={133--150},
  year={2014},
  publisher={Wiley Online Library}
}
